@ARTICLE {stever.gunn1998,
    author = "Steve R. Gunn",
    title  = "Support Vector Machines for Classification and Regression",
    year   = "1998",
    month  = "oct"
}

@ARTICLE {orenanavakfiry.levy2017,
    author = "Oren Anava and Kfir Y. Levy",
    title  = "k*-Nearest Neighbors: From Global to Local",
    year   = "2017",
    month  = "jan"
}

@ARTICLE {j.r.quinlan1985,
    author = "J.R. QUINLAN",
    title  = "Induction of Decision Trees",
    year   = "1985",
    month  = "aug"
}

@ONLINE {scikitlearn.org,
    author = "scikit-learn.org",
    title  = "Scikit-learn algorithm cheat-sheet",
    url    = "http://scikit-learn.org/stable/tutorial/machine_learning_map/"
}

@ARTICLE {placesdatabase,
    author  = "Bolei Zhou and Agata Lapedriza and Jianxiong Xiao and Antonio Torralba and Aude Oliva",
    title   = "Learning Deep Features for Scene Recognition using Places Database",
    journal = "NIPS Proceedings",
    year    = "2014"
}

@ARTICLE {landclassification,
    author  = "Marco Castelluccio and Giovanni Poggi and Carlo Sansone and Luisa Verdoliva",
    title   = "Land Use Classification in Remote Sensing Images by Convolutional Neural Networks",
    journal = "arXiv",
    year    = "2015",
    month   = "aug"
}

@ARTICLE {o.a.b.penattik.nogueiraj.a.dossantos2015,
    author  = "O.A.B. Penatti and K. Nogueira and J.A. dos Santos",
    title   = "Do deep features generalize from everyday objects to remote sensing and aerial scenes domains?",
    journal = "IEEE Computer Vision and Pattern Recognition Workshops",
    year    = "2015",
    pages   = "44â€“51",
    month   = "aug"
}
@article {dec,
    author  = {Junyuan Xie, Ross Girshick, Ali Farhadi},
    title   = {Unsupervised Deep Embedding for Clustering Analysis},
    journal = {ICML'16 Proceedings of the 33rd International Conference on International Conference on Machine Learning},
    year    = {2016},
    volume  = {48}
}
