@article {dec,
    author  = {Junyuan Xie, Ross Girshick, Ali Farhadi},
    title   = {Unsupervised Deep Embedding for Clustering Analysis},
    journal = {ICML'16 Proceedings of the 33rd International Conference on International Conference on Machine Learning},
    year    = {2016},
    volume  = {48}
}
