@article{castelluccio2015land,
  title={Land use classification in remote sensing images by convolutional neural networks},
  author={Castelluccio, Marco and Poggi, Giovanni and Sansone, Carlo and Verdoliva, Luisa},
  journal={arXiv preprint arXiv:1508.00092},
  year={2015}
}

@misc{mit,
  author = {MIT Computer Science and Artificial Intelligence Laboratory},
  title = {{MIT Places Database for Scene Recognition}},
  howpublished = "\url{http://places.csail.mit.edu/index.html}",
  year = {2015}, 
  note = "[Online; accessed 13-May-2017]"
}