@ARTICLE {stever.gunn1998,
    author = "Steve R. Gunn",
    title  = "Support Vector Machines for Classification and Regression",
    year   = "1998",
    month  = "oct"
}

@ARTICLE {orenanavakfiry.levy2017,
    author = "Oren Anava, Kfir Y. Levy",
    title  = "k*-Nearest Neighbors: From Global to Local",
    year   = "2017",
    month  = "jan"
}

@ARTICLE {j.r.quinlan1985,
    author = "J.R. QUINLAN",
    title  = "Induction of Decision Trees",
    year   = "1985",
    month  = "aug"
}

@ONLINE {scikitlearn.org,
    author = "scikit-learn.org",
    title  = "Scikit-learn algorithm cheat-sheet",
    url    = "http://scikit-learn.org/stable/tutorial/machine_learning_map/"
}